@mastersthesis{Rech:2013,
    title={Gerenciamento de Riscos em Projetos de Desenvolvimento de Software com Scrum},
    author={RECH, Paulo Jacó},
    year={2013},
    school={Pontifícia Universidade Católica do Rio Grande do Sul}
}

@misc{VieiraMono:2020,
    title={UM GUIA PARA GESTÃO ÁGIL DE RISCOS EM PROJETOS DE SOFTWARE},
    author={VIEIRA, Marcel Figueiredo},
    year={2020},
    note = "TCC (Bacharelado em Sistemas de Informação) - Departamento de Informática e Estatística, Universidade Federal de Santa Catarina, Florianópolis."
}

@proceedings{StandishGroup:2014,
    title={CHAOS report 2015},
    organization={The Standish Group},
    year={2015}
}

@article{Cunha:2013,
    title={Agile software project: Proposal of a model to manage risks},
    author={Cunha, Rita and Pereira, Carla Sofia and Pinto, José Angelo},
    journal={8th Iberian Conference on Information Systems and Technologies (CISTI)},
    month={Jun},
    year={2013},
    pages={1-5}
}

@article{Tomanek:2015,
    title={PROJECT RISK MANAGEMENT MODEL BASED ON PRINCE2 AND SCRUM FRAMEWORKS},
    author={Tomanek, Martin and Juricek, Jan},
    journal={International Journal of Software Engineering \& Applications (IJSEA)},
    day={1},
    month={Jan},
    year={2015},
    pages={81-88}
}

@article{Milare:2019,
    title={Gestão de riscos em projetos de desenvolvimento de software com Scrum: um estudo de caso},
    author={Milare, Bruna Naira and Larieira, Claudio Luis Carvalho},
    journal={Revista de Gestão e Projetos},
    volume={10},
    day={18},
    month={Dec},
    year={2019},
    pages={95-108}
}

@conference{Gold:2015,
    title={Using risk management to balance agile methods: a study of the scrum process},
    author={Gold, Benjamin and Vassell, Clive},
    booktitle={2015 2nd International Conference on Knowledge-Based Engineering and Innovation (KBEI)},
    day={18},
    month={Nov},
    year={2015},
    pages={49-54}
}

@techreport{Vieira:2020,
    title={Guia para gestão ágil de riscos},
    author={Vieira, Marcel Figueiredo and Hauck, Jean Carlo Rossa},
    institution={Instituto Nacional Para Convergência Digital},
    year={2020},
    address={Florianópolis}
}

@book{Yin:2001,
    title={Estudo de Caso: Planejamento e método},
    author={Yin, Robert K.},
    publisher={Bookman},
    year={2001},
    address={Porto Alegre},
    edition={2}
}

@article{Ferreira:2002,
    title={AS PESQUISAS DENOMINADAS “ESTADO DA ARTE”},
    author={Ferreira, Norma Sandra de Almeida},
    journal={Educação \& Sociedade},
    month={Aug},
    year={2002}
}

@book{PMBOK:2017,
    title={ Um Guia do Conhecimento em Gerenciamento de Projetos (Guia PMBOK)},
    author={PMI},
    publisher={Project Management Institute},
    year={2017},
    address={Pensilvânia},
    edition={6}
}

@book{PMIAGILE:2017,
    title={ Agile Practice Guide },
    author={PMI},
    publisher={Project Management Institute},
    year={2017},
    address={Pensilvânia},
    edition={1}
}

@book{ADAMS:1995,
    title={ Risk },
    author={Adams, John},
    publisher={University College London Press},
    year={1995},
    address={Londres},
    edition={1}
}

@book{WAZLAWICK:2013,
    title={ Engenharia de Software: Conceitos e Práticas },
    author={Wazlawick, Raul Sidnei},
    publisher={Elsevier Editora Ltda. },
    year={2019},
    address={Rio de Janeiro},
    edition={2}
}

@book{SOMMERVILLE:2011,
    title={ Engenharia de Software },
    author={ Sommerville, Ian},
    publisher={ Pearson Education do Brasil },
    year={2011},
    address={São Paulo},
    edition={9}
}

@misc{AGILEMANIFEST:2001,
    title={Manifesto Ágil},
    author={BECK, Kent and others},
    year={2001},
    note={Disponível em: <http://agilemanifesto.org/>. Acesso em: 13 Set. 2021.}
}

@misc{SWEBOK:2014,
    title={ Guide to the Software Engineering Body of Knowledge },
    author={ Bourque, Pierre and Fairley, Richard E.},
    note={Version 3.0},
    publisher={ IEE Computer Society },
    year={2014}
}

@book{HOPKIN:2010,
    title={ Fundamentals of Risk Management },
    author={ Hopkin, Paul},
    publisher={ Kogan Page Limited },
    year={2010},
    address={London },
    edition={ 1 }
}

@book{PRESSMAN:2011,
    title={ Engenharia de software: uma abordagem profissional },
    author={ Pressman, Roger S.},
    publisher={ AMGH Editora Ltda. },
    year={2010},
    address={ Porto Alegre },
    edition={ 7 }
}

@book{COCKBURN:2002,
    title={ Agile Software Development },
    author={ Cockburn, Alistair },
    publisher={ Addison-Wesley },
    year={2002},
    edition={ 1 }
}

@book{LEANENT:2016,
    title={ Lean Enterprise },
    author={ O'Reilly, Barry },
    publisher={ O'Reilly Media },
    year={2016},
    address={ Sebastopol, CA },
    edition={ 8 }
}

@book{Poppendieck:2006,
    title={ Implementando o Desenvolvimento Lean de Software: Do Conceito ao Dinheiro. },
    author={ Poppendieck, Mary and Poppendieck, Tom },
    publisher={ Addison-Wesley Professional },
    year={2006},
    address={ Massachusetts },
    edition={ 1 }
}

@article{Takeuchi:1986,
    title={The New New Product Development Game},
    author={Takeuchi, Hirotaka and Nonaka, Ikujiro},
    journal={Harvard Business Review},
    month={Jan},
    year={1986}
}

@techreport{Sutherland:2013,
    title={Um guia definitivo para o Scrum: As regras do jogo},
    author={Sutherland, Jeff and Schwaber, Ken},
    year={2013},
}

@article{Kitchenham:2004,
    title={Procedures for performing systematic reviews},
    author={Kitchenham, Barbara},
    journal={Keele University},
    month={Jul},
    year={2004},
    adress = {Keele, UK}
}

@article{SANTOS:2007,
    title={A estratégia PICO para a construção da pergunta de
pesquisa e busca de evidências},
    author={Santos, Cristina Mamédio da Costa and Pimenta, Cibele Andrucioli de Mattos and Nobre, Moacyr Roberto Cuce},
    journal={Rev. Latino-Am. Enfermagem},
    year={2007},
    adress = {Ribeirão Preto},
    pages={508-511},
    volume={15}
}
